@article{roman,
author = {Roman, Diana and Mitra, Gautam and Spagnolo, Nicola},
year = {2010},
month = {04},
pages = {},
title = {Hidden Markov models for financial optimization problems},
volume = {21},
journal = {IMA Journal of Management Mathematics},
doi = {10.1093/imaman/dpp009}
}